@DocuShare{Document-28382,
  author =  { \v{Z}eljko Ivezi{\'c} and Lynne Jones and Tiago Ribeiro},
  title =        "{Call for White Papers on LSST Cadence Optimization}",
  year =         2018,
  month =        jun,
  handle =       {Document-28382}
}

@DocuShare{Document-27962,
  author =  {Jim Bosch},
  title =        "{DM Plans for Crowded Star Fields}",
  year =         2018,
  month =        apr,
  handle =       {Document-27962}
}

@ARTICLE{2017Sci...358.1559K,
       author = {{Kasliwal}, M.~M. and {Nakar}, E. and {Singer}, L.~P. and
         {Kaplan}, D.~L. and {Cook}, D.~O. and {Van Sistine}, A. and
         {Lau}, R.~M. and {Fremling}, C. and {Gottlieb}, O. and
         {Jencson}, J.~E. and {Adams}, S.~M. and {Feindt}, U. and
         {Hotokezaka}, K. and {Ghosh}, S. and {Perley}, D.~A. and {Yu}, P. -C. and
         {Piran}, T. and {Allison}, J.~R. and {Anupama}, G.~C. and
         {Balasubramanian}, A. and {Bannister}, K.~W. and {Bally}, J. and
         {Barnes}, J. and {Barway}, S. and {Bellm}, E. and {Bhalerao}, V. and
         {Bhattacharya}, D. and {Blagorodnova}, N. and {Bloom}, J.~S. and
         {Brady}, P.~R. and {Cannella}, C. and {Chatterjee}, D. and
         {Cenko}, S.~B. and {Cobb}, B.~E. and {Copperwheat}, C. and {Corsi}, A. and
         {De}, K. and {Dobie}, D. and {Emery}, S.~W.~K. and {Evans}, P.~A. and
         {Fox}, O.~D. and {Frail}, D.~A. and {Frohmaier}, C. and {Goobar}, A. and
         {Hallinan}, G. and {Harrison}, F. and {Helou}, G. and {Hinderer}, T. and
         {Ho}, A.~Y.~Q. and {Horesh}, A. and {Ip}, W. -H. and {Itoh}, R. and
         {Kasen}, D. and {Kim}, H. and {Kuin}, N.~P.~M. and {Kupfer}, T. and
         {Lynch}, C. and {Madsen}, K. and {Mazzali}, P.~A. and {Miller}, A.~A. and
         {Mooley}, K. and {Murphy}, T. and {Ngeow}, C. -C. and {Nichols}, D. and
         {Nissanke}, S. and {Nugent}, P. and {Ofek}, E.~O. and {Qi}, H. and
         {Quimby}, R.~M. and {Rosswog}, S. and {Rusu}, F. and {Sadler}, E.~M. and
         {Schmidt}, P. and {Sollerman}, J. and {Steele}, I. and
         {Williamson}, A.~R. and {Xu}, Y. and {Yan}, L. and {Yatsu}, Y. and
         {Zhang}, C. and {Zhao}, W.},
        title = "{Illuminating gravitational waves: A concordant picture of photons from a neutron star merger}",
      journal = {Science},
     keywords = {ASTRONOMY, PHYSICS, Astrophysics - High Energy Astrophysical Phenomena, Astrophysics - Astrophysics of Galaxies, Astrophysics - Solar and Stellar Astrophysics, General Relativity and Quantum Cosmology},
         year = "2017",
        month = "Dec",
       volume = {358},
       number = {6370},
        pages = {1559-1565},
          doi = {10.1126/science.aap9455},
archivePrefix = {arXiv},
       eprint = {1710.05436},
 primaryClass = {astro-ph.HE},
       adsurl = {https://ui.adsabs.harvard.edu/abs/2017Sci...358.1559K},
      adsnote = {Provided by the SAO/NASA Astrophysics Data System}
}

